@article{treedecomp,
  author    = {N. Robertson and
               P. D. Seymour},
  title     = {{Graph minors. III. Planar tree-width}},
  journal   = {J. Comb. Theory, Ser. B},
  volume    = {36},
  number    = {1},
  year      = {1984},
  pages     = {49-64},
  ee        = {http://dx.doi.org/10.1016/0095-8956(84)90013-3},
  bibsource = {DBLP, http://dblp.uni-trier.de}
}
@article{clasp,
  author =	 {M. Gebser and B. Kaufmann and T. Schaub},
  title =	 {Conflict-Driven Answer Set Solving: From Theory to Practice},
  journal =	 {Artificial Intelligence},
  year =	 2012,
  volume =	 {187-188},
  pages =	 {52-89}
}
@article{WEKA,
 author = {M. Hall and E. Frank and G. Holmes and B. Pfahringer and P. Reutemann and I. H. Witten},
 title = {The WEKA Data Mining Software: An Update},
 journal = {SIGKDD Explor. Newsl.},
 issue_date = {June 2009},
 volume = {11},
 number = {1},
 month = nov,
 year = {2009},
 issn = {1931-0145},
 pages = {10--18},
 numpages = {9},
 url = {http://doi.acm.org/10.1145/1656274.1656278},
 doi = {10.1145/1656274.1656278},
 acmid = {1656278},
 publisher = {ACM},
 address = {New York, NY, USA},
} 
@InProceedings{gringo,
  author =	 "M. Gebser and R. Kaminski and A. K{\"o}nig and T. Schaub",
  title =	 "Advances in \textit{gringo} Series 3",
  crossref =	 "lpnmr11",
  pages =	 "345-351"
}
@Proceedings{lpnmr11,
  title =	 "Proceedings of the Eleventh International Conference on
                  Logic Programming and Nonmonotonic Reasoning (LPNMR'11)",
  booktitle =	 "Proceedings of the Eleventh International Conference on
                  Logic Programming and Nonmonotonic Reasoning (LPNMR'11)",
  year =	 2011,
  editor =	 "J. Delgrande and W. Faber",
  volume =	 6645,
  series =	 "Lecture Notes in Artificial Intelligence",
  publisher =	 "Springer-Verlag"
}
@inproceedings{claspfolio,
  author    = {M. Gebser and
               R. Kaminski and
               B. Kaufmann and
               T. Schaub and
               M. T. Schneider and
               S. Ziller},
  title     = {A Portfolio Solver for Answer Set Programming: Preliminary
               Report},
  booktitle = {LPNMR},
  year      = {2011},
  pages     = {352-357},
  ee        = {http://dx.doi.org/10.1007/978-3-642-20895-9_40},
  crossref  = {DBLP:conf/lpnmr/2011},
  bibsource = {DBLP, http://dblp.uni-trier.de}
}
@proceedings{DBLP:conf/lpnmr/2011,
  editor    = {J. P. Delgrande and
               W. Faber},
  title     = {Logic Programming and Nonmonotonic Reasoning - 11th International
               Conference, LPNMR 2011, Vancouver, Canada, May 16-19, 2011.
               Proceedings},
  booktitle = {LPNMR},
  publisher = {Springer},
  series    = {Lecture Notes in Computer Science},
  volume    = {6645},
  year      = {2011},
  isbn      = {978-3-642-20894-2},
  ee        = {http://dx.doi.org/10.1007/978-3-642-20895-9},
  bibsource = {DBLP, http://dblp.uni-trier.de}
}
@manual{dflat,
	title = {{The D-FLAT System for Dynamic Programming on Tree Decompositions}},
	author = {M. Abseher and B. Bliem and G. Charwat and F. Dusberger and M. Hecher and S. Woltran},
	year = {2014}
}

@MISC{www:time,
	title={{GNU} time manpage},
	howpublished={\url{http://man7.org/linux/man-pages/man1/time.1.html}}
	note={Accessed: 13.6.2014}
}
@MISC{www:subprocess,
	title={subprocess documentation},
	howpublished={\url{https://docs.python.org/2/library/subprocess.html}}
	note={Accessed: 13.6.2014}
}
@MISC{www:resource,
	title={resource documentation},
	howpublished={\url{https://docs.python.org/2/library/resource.html}}
	note={Accessed: 13.6.2014}
}
@MISC{www:scikit,
	title={scikit-learn homepage},
	howpublished={\url{http://scikit-learn.org}}
	note={Accessed: 13.6.2014}
}
